@article{yusuf2017implementasi,
  title={Implementasi Algoritma Dijkstra Dalam Menemukan Jarak Terdekat Dari Lokasi Pengguna Ke Tanaman Yang Di Tuju Berbasis Android (Studi Kasus di Kebun Raya Purwodadi)},
  author={Yusuf, Muhammad Syamsuddin and Az-Zahra, Hanifah Muslimah and Apriyanti, Diah Harnoni},
  journal={Jurnal Pengembangan Teknologi Informasi dan Ilmu Komputer e-ISSN},
  volume={2548},
  pages={964X},
  year={2017}
}

@article{dijkstra1959note,
  title={A note on two problems in connexion with graphs},
  author={Dijkstra, Edsger W and others},
  journal={Numerische mathematik},
  volume={1},
  number={1},
  pages={269--271},
  year={1959}
}

@book{Rosen2011,
author = {Rosen, Kenneth H.},
edition = {7th editio},
isbn = {978-0073383095},
publisher = {McGraw Hill},
title = {{Discrete Mathematics and Its Applications Seventh Edition}},
year = {2011}
}

